<record><leader>00000cas a22000007a 4500</leader><controlfield tag="001">25486307</controlfield><controlfield tag="008">920317d1889192uncuwn n       0    0eng d</controlfield><datafield ind1=" " ind2=" " tag="010"><subfield code="a">sn 92073962 </subfield></datafield><datafield ind1=" " ind2=" " tag="040"><subfield code="a">NVJ</subfield><subfield code="b">eng</subfield><subfield code="c">NVJ</subfield><subfield code="d">OCLCQ</subfield></datafield><datafield ind1=" " ind2=" " tag="042"><subfield code="a">msc</subfield></datafield><datafield ind1="0" ind2=" " tag="130"><subfield code="a">Windsor ledger (Windsor, N.C. : 1889)</subfield></datafield><datafield ind1="1" ind2="0" tag="245"><subfield code="a">Windsor ledger.</subfield></datafield><datafield ind1=" " ind2=" " tag="260"><subfield code="a">Windsor, Bertie Co., N.C. :</subfield><subfield code="b">Ledger Pub. Co.</subfield></datafield><datafield ind1=" " ind2=" " tag="300"><subfield code="a">v.</subfield></datafield><datafield ind1=" " ind2=" " tag="310"><subfield code="a">Weekly (except at Christmas)</subfield></datafield><datafield ind1="0" ind2=" " tag="362"><subfield code="a">Vol. 5, no. 1 (Mar. 6, 1889)-</subfield></datafield><datafield ind1=" " ind2=" " tag="752"><subfield code="a">United States</subfield><subfield code="b">North Carolina</subfield><subfield code="c">Bertie</subfield><subfield code="d">Windsor.</subfield></datafield><datafield ind1="0" ind2="0" tag="780"><subfield code="t">Windsor public ledger</subfield><subfield code="w">(DLC)sn 92073961</subfield></datafield><datafield ind1="0" ind2="7" tag="785"><subfield code="t">Aulander advance</subfield></datafield><datafield ind1="0" ind2="7" tag="785"><subfield code="t">Ledger-advance</subfield><subfield code="w">(DLC)sn 94058247</subfield></datafield></record>